1792 2859
20 2754 89 2828 Ι

155 66 201 113 142
307 63 538 114 HIPPOLYTUS·
555 65 592 113 ΙΙ.
610 64 668 113 ⁴28·

151 191 260 248 Auderez
277 193 437 253 remmjusm,
448 191 564 267 quireges
572 192 650 252 timet,
775 193 822 240 428

153 256 274 319 Deponst:
292 271 361 304 omne
370 257 442 320 pellat
453 271 481 304 ex
492 271 571 304 annno
581 256 659 305 decos.

152 319 556 384 Molusestministerregiiimperii
566 320 649 385 pudor·
774 321 821 367 434)

311 510 511 563 H1rrotrrus.
529 512 659 560 Normx.

150 639 228 700 Hipp.
244 638 310 698 Quid
319 638 365 687 huc
373 639 455 688 seniles
464 640 524 688 fesso
533 639 622 689 moliris
628 639 726 703 gradus,

151 702 175 751 Ο
186 702 233 750 lida
242 703 330 763 nutrix,
341 703 458 751 turbidam
468 704 567 752 frontem
577 719 667 768 gerens,

151 767 185 814 Et
195 777 282 815 moeste
288 767 384 815 vultus?
400 769 484 830 Sospes
494 777 529 816 est
539 778 598 817 certe
607 783 701 833 parens,

151 831 210 894 Sosp
250 847 279 879 ue
290 831 396 891 Phaedrs,
407 832 486 895 stirpis
496 841 519 880 et
528 834 628 895 gemino
635 836 731 907 jugum.

152 897 230 943 Ναίν.
273 896 434 945 etusremittet
446 912 554 959 prospero
562 904 819 961 regnummstawestt

150 958 289 1023 Domusque
298 960 380 1006 florens
391 969 451 1008 sorte
460 960 521 1008 felici
531 962 598 1024 viget
771 961 820 1009 436

150 1023 196 1070 Sed
206 1031 232 1070 tu
243 1024 315 1072 beatis
324 1023 402 1071 mitior
412 1028 481 1074 rebus
491 1026 557 1073 veni:

149 1088 260 1152 Namque
270 1087 364 1136 anxiam
373 1104 412 1136 me
422 1105 478 1137 cura
487 1089 593 1138 sollicitet
602 1088 647 1149 tui,

151 1151 222 1206 Quod
232 1161 254 1200 te
263 1152 312 1215 ipse
322 1152 394 1215 poenis
403 1154 512 1216 gravibus
521 1154 617 1203 infestus
627 1154 717 1204 domas.
859 1209 863 1218 ¹

150 1216 228 1274 Quem
239 1216 287 1264 soto
296 1225 390 1279 sogum,
400 1218 440 1265 ille
451 1233 505 1267 oum
516 1220 582 1267 venii
593 1227 627 1266 est
637 1219 722 1267 miser:
772 1219 818 1266 440

112 1282 113 1285 ’
149 1281 193 1340 At,
205 1280 276 1344 siquis
286 1282 347 1328 ultm
358 1297 382 1328 se
392 1282 460 1329 malis
470 1282 537 1329 offert
548 1282 634 1342 volens,

149 1346 224 1408 Seque
234 1347 283 1407 ipse
293 1354 390 1408 torquet,
401 1346 495 1408 perdere
506 1355 539 1394 est
549 1346 632 1409 dignus
642 1349 713 1408 bons,

148 1408 210 1466 Quis
221 1409 290 1456 nescit
301 1410 343 1456 uti.
376 1410 466 1470 Potius,
479 1425 592 1458 annorum
602 1426 701 1471 memor,

147 1472 254 1520 Mentem
264 1473 356 1521 rdaxo:
373 1474 478 1521 noctibus
489 1474 551 1523 festis
561 1474 635 1522 focem

146 1536 249 1584 Attolle:
266 1552 332 1584 cures
342 1538 448 1585 Bacchus
458 1547 566 1586 exoneret
575 1554 663 1602 graves·
770 1542 818 1590 445

148 1601 227 1648 AEtate
238 1601 326 1649 fruere:
344 1601 424 1649 mobili
435 1617 504 1649 cursu
513 1602 582 1665 fugit.

146 1664 218 1711 Nunc
229 1664 296 1713 facile
305 1675 401 1729 pectust
418 1675 484 1727 grata
493 1681 556 1714 nunc
564 1667 645 1728 juveni
655 1669 746 1719 Venus.

144 1728 254 1776 Exsultet
264 1730 362 1778 animus.
394 1729 443 1778 Cur
454 1739 503 1777 toro
513 1731 584 1779 viduo
591 1732 674 1792 jaces?

145 1792 246 1840 Tristem
255 1793 376 1854 juventam
386 1794 463 1841 solve:
481 1809 544 1842 nune
553 1796 624 1844 luxus
634 1813 705 1862 rape:

143 1857 246 1905 Effunde
255 1858 370 1906 habenas:
387 1858 487 1921 optimos
497 1859 550 1906 vitae
560 1860 609 1907 dies
769 1865 815 1912 450

143 1921 244 1969 Effluere
254 1922 357 1985 prohibe.
389 1921 486 1985 Propria
495 1922 614 1987 descripsit
624 1925 690 1975 Deus

143 1985 241 2042 Officio3
259 1994 282 2033 et
292 2002 368 2034 sevum
378 2003 420 2049 per
429 2001 483 2034 suos
494 1986 559 2034 ducit
568 1989 662 2050 grodus.

142 2048 235 2097 Laetitis
243 2051 361 2111 juvenem,
372 2051 434 2100 frons
444 2050 509 2098 decet
519 2052 589 2099 niem
599 2069 687 2104 senem.

141 2112 345 2172 QuidteeoErces,
356 2123 379 2163 et
387 2130 454 2163 omos
464 2123 550 2163 reetom
561 2116 682 2168 indolem?
826 2151 829 2155 <

141 2179 211 2240 Seges
220 2177 261 2224 illa
270 2193 382 2240 magnum
392 2178 467 2226 foenus
478 2180 582 2242 agricolis
592 2182 665 2243 dabit,
764 2188 810 2234 455

142 2241 302 2304 Quoscumque
311 2243 369 2291 laetis
379 2252 457 2291 tenero
466 2243 569 2291 luxuriat
580 2246 641 2294 satis.

141 2306 264 2368 Arborque
274 2306 333 2353 celso
344 2308 426 2355 vertice
436 2306 525 2355 evincet
534 2323 624 2370 nemus,

141 2370 221 2428 Quam
232 2383 278 2415 non
289 2370 392 2431 maligna
402 2370 469 2416 cedit
480 2379 521 2418 out
531 2383 614 2421 resecat
624 2390 716 2425 monuo

141 2432 240 2492 Ingenia
249 2432 331 2478 melius
342 2442 402 2479 recto
411 2448 435 2479 se
444 2433 470 2479 in
480 2434 560 2482 laudes
570 2435 655 2498 ferunt,

140 2494 165 2541 Si
175 2495 275 2541 nobilem
286 2494 390 2542 animum
401 2505 481 2555 vegeta
490 2497 584 2547 libertos
594 2501 643 2550 elit.
763 2507 809 2554 46⁰

138 2556 302 2615 Truculentus,
314 2566 337 2604 et
346 2557 456 2617 silvester,
467 2568 490 2606 et
500 2559 554 2609 vitae
563 2562 657 2625 inscius,
