1792 2859
262 98 397 150 Munus.
416 100 469 150 111.
486 103 542 150 516.
692 103 737 151 183

71 222 112 269 Ius.
129 221 191 272 Hinc
202 240 254 287 rex,
265 235 289 274 et
298 226 369 276 illine

282 294 351 341 Med,
368 292 413 341 Est
423 303 447 342 et
457 293 493 342 his
502 296 578 357 major
587 303 674 354 metus,
687 295 735 343 516

70 347 153 399 Medea.
189 356 242 402 Nos
253 351 374 420 confligere
384 367 506 419 certemus,
517 359 581 417 sine;

69 412 100 461 sit
109 418 209 478 pretium
220 419 299 467 Iason.

306 488 355 533 Ios}
373 486 437 535 Cedo
448 487 550 535 defessus
560 487 637 536 malis.

69 540 98 588 Et
107 543 155 607 ipsa
165 562 231 594 ossus
242 563 302 612 caepe
311 550 361 609 jum
371 559 478 613 expertos
490 551 552 599 time.
743 609 748 617 ,

67 606 128 654 Med.
145 610 249 660 Fortuna
260 627 351 676 semper
360 615 435 663 omnis
445 616 507 663 intre
517 629 556 663 me
565 615 637 665 stetit.
684 617 733 665 teo

68 671 111 717 Ias.
127 674 226 723 Acastus
236 676 322 733 instet3
339 680 431 742 propior
441 687 475 727 est
484 679 557 727 hostis
568 680 634 728 Creo.

67 735 128 784 Mes.
139 739 295 804 Utrumquep
400 744 463 790 Nolo
470 751 498 791 ut
505 744 529 791 in
538 759 641 793 socerum
649 759 732 794 manus

65 798 159 858 Armes3
177 817 227 863 neo,
238 813 265 851 ut
278 814 301 852 te
356 822 369 853 e
380 805 476 869 cognati
485 808 602 871 inquines,

67 860 147 912 Medea
156 868 233 930 cogit:
250 868 358 917 innocens
367 885 459 918 mecum
471 872 533 935 fuge.

66 927 110 975 Ias.
125 930 158 978 Et
167 932 220 994 quis
229 932 325 992 resset,
339 934 432 997 gemino
441 936 461 983 si
470 936 532 983 belle
541 936 658 999 ingmnnt,
683 939 730 984 525

68 989 120 1039 Creo
129 1004 197 1057 atque
207 999 309 1044 Acastus
319 1013 383 1045 anne
394 998 413 1046 si
421 1000 523 1062 jungant
534 1003 594 1049 susi

66 1056 128 1105 Med.
144 1058 189 1106 His
199 1060 264 1108 adice
275 1061 381 1121 Colchos,
392 1063 466 1124 cdjioe
475 1064 560 1111 AEeten
570 1064 652 1114 ducem
663 1082 671 1124 ς

66 1118 154 1182 Scythes
165 1123 268 1199 Pdmgis
276 1126 364 1188 junge3
380 1126 495 1196 deuersos
505 1128 572 1177 dabo·

67 1185 110 1231 Ius.
125 1186 182 1234 Alte
193 1197 317 1237 exnmesoo
327 1200 422 1254 sceptra„

438 1258 509 1305 Med.
525 1256 564 1304 Ne
574 1256 661 1321 cupies,
670 1257 730 1306 vide.

67 1313 111 1361 Iar.
125 1314 234 1379 Suspecta
243 1330 274 1365 nc
283 1317 337 1376 sint,
349 1318 419 1382 longa
429 1320 544 1383 colloquia
554 1329 658 1383 amputo.
682 1323 730 1371 530
786 1384 790 1391 Ι

67 1376 128 1424 Med.
143 1380 213 1428 Nunc
223 1395 315 1429 summe
325 1392 373 1430 toto
383 1383 479 1446 Jupiter
489 1386 545 1432 coelo
556 1394 625 1442 tone3

67 1437 156 1489 Intende
165 1444 270 1491 dextram
279 1462 286 1501 ;
303 1446 403 1495 vindices
413 1448 519 1496 flsmmss
528 1464 599 1512 parur

66 1501 207 1571 Omnemqne
216 1509 291 1571 ruptis
301 1511 403 1559 nubibus
413 1511 529 1566 mnndum
538 1522 617 1577 quote.

67 1566 113 1615 Nec
121 1570 224 1635 diligenti
234 1573 281 1620 tels
290 1573 402 1622 librentur
411 1590 483 1624 manu
493 1593 499 1623 r

66 1629 107 1678 vel
115 1648 159 1694 me,
170 1637 207 1683 vel
216 1636 302 1684 istum:
320 1638 424 1703 quisquis
435 1656 448 1687 e
458 1640 524 1688 nobis
534 1640 608 1705 cedet,
681 1645 728 1691 535

67 1693 150 1746 Nocens
158 1699 256 1763 peribit:
274 1715 320 1748 non
330 1711 404 1765 potest
413 1704 439 1751 in
448 1718 492 1752 nos
502 1712 570 1753 tuum

68 1757 143 1810 linare
152 1764 251 1812 fulmen.

282 1832 333 1879 las.
349 1831 411 1880 Sene
420 1832 527 1881 meditari
536 1832 621 1899 incipe,

65 1885 94 1935 lit
102 1890 189 1952 pheida
199 1892 254 1940 fare.
288 1893 370 1958 Siquid
381 1912 410 1943 ex
422 1896 493 1945 soceri
504 1897 574 1946 domo

65 1950 137 2002 Potest
145 1956 227 2020 fugam
237 1957 322 2018 levare,
333 1960 436 2007 solamen
447 1970 507 2025 pete.

66 2016 126 2065 Med.
141 2019 293 2069 Contemnere
302 2023 394 2071 animus
403 2025 483 2088 regies.
494 2034 522 2075 ut
531 2026 583 2086 scis,
594 2042 649 2092 opes
680 2028 728 2075 tto

66 2078 145 2140 Potest,
156 2084 273 2148 soletque:
291 2086 374 2135 liberos
383 2097 475 2136 tantum
486 2090 549 2166 fugae

66 2142 153 2195 Habere
163 2148 258 2197 comites
266 2150 343 2209 licent,
354 2150 379 2198 in
389 2167 490 2216 quorum
500 2169 553 2203 sinn

66 2204 183 2273 lacrymas
192 2212 340 2276 profundam.
375 2216 412 2263 'I'e
421 2217 476 2266 novi
486 2219 535 2267 nati
544 2228 648 2269 monent.

65 2271 109 2319 Ias.
125 2275 208 2324 Parere
218 2278 323 2341 precibus
334 2294 416 2343 cupere
425 2294 465 2329 me
475 2282 547 2331 fateor
557 2285 603 2332 tuis
614 2301 622 2340 ;

66 2334 135 2386 Pictos
145 2348 222 2388 vetet:
240 2356 351 2406 namque,
361 2344 424 2392 istud
434 2355 461 2393 ut
471 2348 556 2409 possim
567 2348 625 2412 peti,
679 2349 727 2396 545

65 2398 114 2448 Non
124 2403 173 2467 ipsc
183 2416 269 2453 memet
279 2417 346 2470 cogat
356 2416 379 2455 et
388 2424 429 2456 rex
440 2418 463 2458 et
473 2426 542 2459 socer.

66 2461 318 2518 Haeoceussvitaecst:
335 2471 582 2539 hocperustipeotoris

67 2527 127 2578 Coris
136 2532 250 2582 levamen.
282 2534 369 2598 Spiritu
378 2536 445 2586 citius
456 2554 539 2600 queam

69 2590 153 2656 estere,
164 2597 285 2658 membris,
295 2598 355 2646 luce.
