1792 2859
270 106 441 159 TROADES.
458 109 496 159 11.
511 111 569 160 348.
703 108 751 158 325

80 236 171 298 Agant.
188 236 235 286 Illo
245 252 274 285 ex
285 236 387 297 Achille,
400 237 441 301 qui
454 253 525 287 manu
537 237 627 287 Paridis
634 238 703 300 jacet·

79 302 175 363 Pyrrh.
198 301 278 361 Quem
299 316 341 349 nee
356 302 463 350 Deorum
481 304 610 352 comminus
628 302 752 366 quisquam

177 366 245 428 petit.
577 368 582 376 '
704 369 754 415 349

80 430 173 491 Agant.
183 431 333 493 Compescere
340 430 447 494 equidem
456 434 534 490 verbs,
543 440 566 480 et
573 431 684 479 audacem
691 432 754 479 mulo

81 494 191 560 Poteram
202 494 310 542 domares
327 495 367 543 sed
377 511 444 543 meus
453 496 526 559 ceptis
536 512 630 560 quoque
704 496 753 552 351

80 558 131 606 Scit
141 573 234 622 pnrcere
245 558 312 606 eneis.
345 559 426 607 Potius
435 560 546 623 interpres
557 560 636 608 Dedm

80 622 180 671 cnonas
190 631 289 671 vocetur.
321 623 381 671 Feta
391 624 411 671 si
421 633 527 687 poscunt,
538 625 638 673 dubo—
649 655 650 658 =
717 663 720 666 v

115 687 164 745 Tu3
176 686 217 750 qui
229 686 332 749 Pelasgae
342 688 418 735 vincla
426 688 513 737 solvisti
522 690 575 749 ruti,
625 721 630 725 -

80 750 210 814 Metasque
219 751 300 806 bellis3
319 760 367 799 erte
378 752 420 815 qui
430 768 515 801 reseras
524 754 616 816 polum,

80 815 129 863 cui
139 815 251 863 viscerum
262 823 355 873 secreto,
365 816 404 863 coi
414 817 498 864 mundi
507 818 593 880 fragor,
704 817 752 866 355

78 879 114 926 Et
125 880 191 927 stella
201 879 272 942 longi
282 880 388 927 semitam
399 879 496 928 flammi
506 882 607 942 uenena,

80 943 149 991 Dent
159 944 227 1006 signa
236 944 293 999 feti3
311 946 378 1005 euius
388 944 476 1006 ingenti
486 946 544 992 mihi

80 1008 191 1056 Mercede
198 1016 302 1056 constent
312 1023 366 1064 ωας
384 1009 441 1072 quid
450 1010 531 1070 jubeat
541 1010 616 1069 Deus,

79 1073 169 1130 Effare,
181 1072 276 1130 Calcha,
287 1087 375 1136 noeque
385 1073 480 1120 consilm
489 1089 550 1137 rege.
703 1075 751 1124 360

82 1138 168 1186 Colch.
183 1137 248 1184 Dant
258 1136 306 1184 sete
318 1136 414 1195 Densis,
426 1153 474 1201 quo
484 1137 557 1185 solent
567 1137 648 1202 pretio,
660 1138 731 1187 viem.

80 1201 210 1249 Msctunds
219 1202 283 1264 virgo
294 1208 328 1248 est
338 1200 445 1249 Thessali
455 1203 523 1249 busto
533 1202 613 1250 ducier

79 1266 127 1314 Sed
138 1281 185 1329 quo
194 1265 271 1329 jugari
283 1265 400 1313 Therme
410 1265 476 1313 cultu
486 1267 568 1326 solent,

80 1330 211 1389 Ionidesve,
223 1330 259 1378 vel
271 1329 397 1392 Mycenaeae
407 1344 488 1390 nurus,

80 1394 186 1457 Pyrrhus
195 1394 284 1457 parenti
295 1396 417 1456 conjugem
429 1394 505 1442 tradet
515 1410 564 1443 sno.
704 1397 752 1445 ³⁶5

79 1459 121 1507 Sic
130 1458 174 1505 rite
184 1458 283 1506 debitur.
308 1458 364 1506 Non
375 1466 454 1506 tomen
464 1468 552 1508 nostres
563 1467 625 1508 tenet

80 1523 141 1570 Haec
152 1536 199 1570 une
209 1538 299 1585 puppes
309 1537 391 1571 muesz
409 1524 507 1571 nobilior
517 1534 566 1581 tuo.

80 1586 211 1649 Polyxena,
222 1601 301 1635 cruore
311 1586 406 1635 debemr
417 1602 492 1647 eruor,

79 1650 161 1710 Quem
172 1650 220 1699 iate
230 1658 343 1714 quierunt.
379 1652 455 1699 Turre
465 1652 494 1699 de
504 1652 598 1700 summi
607 1653 674 1702 cedet

80 1715 171 1763 Priami
179 1729 251 1779 nepos
262 1716 397 1774 Hectoreus,
409 1724 432 1763 et
441 1714 515 1762 letum
523 1725 625 1780 oppetat.
703 1719 752 1775 37⁰

83 1778 150 1827 Tum
161 1780 226 1828 mille
236 1778 292 1829 velis
302 1779 399 1844 impleut
407 1778 485 1828 classis
494 1779 561 1829 freta.

273 1971 390 2020 Cnorrns
408 1971 563 2022 'l'nonnnsn

81 2100 173 2149 Verum
185 2101 238 2147 ert?
254 2114 285 2147 sn
295 2100 388 2149 timidos
397 2100 478 2149 fabule
487 2102 580 2167 decipit,

80 2165 185 2213 Umbras
195 2164 327 2227 corponltus
337 2165 413 2213 vivere
422 2165 537 2215 conditis?

80 2227 145 2279 Cum
156 2229 241 2288 conjux
251 2228 323 2277 oculis
332 2229 444 2293 imposuit
454 2246 560 2293 manum,

79 2292 410 2367 Supremusquediessolibus
420 2295 518 2355 obstitit,
705 2299 754 2355 375

78 2358 115 2406 Et
125 2355 195 2405 mistis
205 2371 291 2406 cineres
301 2372 361 2406 urm
371 2358 480 2418 ωὲτωὶῐ,

79 2423 138 2471 Non
148 2420 241 2485 prodest
250 2422 353 2470 enimam
364 2424 452 2472 trudm
461 2423 554 2483 funeri3

79 2485 127 2536 Sed
137 2492 208 2534 restot
218 2485 307 2536 miseris
317 2487 392 2536 rivere
402 2488 513 2552 longius?

79 2551 123 2599 An
134 2550 177 2597 toti
186 2549 318 2600 morimur?
334 2551 447 2628 nullaque
520 2564 599 2602 munet

81 2614 172 2677 Nostri,
184 2629 237 2663 cum
250 2615 454 2681 profugospintus
504 2617 546 2678 'tu‚
707 2622 756 2673 38⁰

361 2693 370 2711 ·
583 2684 626 2729 Ἠ
791 2689 794 2694 ’

829 2729 869 2771 Δ
