1792 2859
227 117 462 166 HIPPOLYTUS.
482 118 518 167 ΙΙ.
535 116 591 172 751.

74 247 202 310 Hesperus,
213 247 288 310 pulsis
298 247 382 293 iterum
392 246 491 294 tenebris

75 311 171 358 Lucifer
180 310 250 358 idem

75 375 109 422 Et
120 385 157 433 tu,
168 374 295 438 thyrsigeri
306 374 377 422 Liber
386 375 416 422 ab
427 372 505 434 India,

76 439 176 487 Intonsi
183 439 274 500 juvenis
284 447 421 502 perpetuum
431 438 507 512 comi,

77 502 234 615 lutet
243 503 555 629 tltttltffiu,

79 630 137 678 Non
148 630 223 678 viueoe
233 630 317 694 rigidas
328 630 452 693 Hippolyti
462 644 555 686 eomes;

80 695 133 742 Nec
144 695 221 742 vultus
230 695 330 742 nimium
341 694 451 756 suspicias
461 701 520 741 tuos.
550 706 552 712 ’

78 759 171 806 Omnes
180 774 221 823 per
229 759 328 822 populos
337 758 417 806 fabule
427 757 526 815 distulit,

80 822 186 870 Phaedrae
211 839 264 871 uem
274 823 370 871 Bromio
381 821 506 885 praetulerit
516 835 584 869 soror.

80 887 184 950 Anceps,
194 839 277 946 loma,
287 890 376 934 bonum
386 885 530 945 mortalibus,

81 950 172 1013 Exiget
182 950 270 998 donum
281 953 349 998 breve
359 949 476 1024 temporis,

81 1013 116 1061 Ut
126 1015 193 1062 velox
203 1015 270 1062 celeri
279 1015 338 1078 pede
347 1015 429 1063 lubens
438 1015 444 1061 l

82 1076 139 1125 Non
149 1080 182 1127 sio
190 1088 257 1142 prete
266 1094 326 1127 novo
336 1094 388 1127 vere
398 1078 501 1126 deoentiu
548 1118 551 1121 .

82 1142 180 1191 AEstetis
190 1143 269 1191 oelidae
279 1143 390 1206 despoliet
400 1157 479 1205 vapor,

84 1206 153 1254 Saevit
162 1207 258 1256 solstitio
268 1222 321 1254 oum
331 1207 422 1254 medius
432 1206 488 1267 dies,

84 1268 117 1317 Et
125 1280 216 1319 noctem
226 1271 334 1319 brevibus
343 1270 471 1334 praeotpitat
480 1269 543 1330 rotis,

85 1332 247 1398 languescunt
255 1335 312 1383 folio
322 1335 372 1382 lilia
381 1334 476 1397 pallido,

85 1397 119 1445 Bt
127 1410 199 1462 grette
208 1400 278 1463 ospiti
288 1399 398 1447 deficiunt
408 1413 480 1456 rosae3

85 1461 119 1509 Ut
128 1463 213 1527 fulgor,
224 1463 307 1512 teneris
317 1463 359 1526 qui
366 1462 440 1510 radiet
448 1463 523 1525 genis,

83 1525 210 1576 Memento
219 1528 307 1592 rapitur
315 1543 323 1583 ς
340 1527 450 1590 nulleque
460 1541 506 1575 non
515 1526 563 1575 dies

86 1588 190 1639 Formosi
200 1593 301 1655 spolium
311 1591 410 1654 eorporis
420 1591 522 1639 obstirlit

87 1652 133 1702 Res
144 1665 178 1703 est
187 1656 262 1705 forms
272 1655 352 1719 fugax.
378 1655 439 1714 Quis
451 1655 540 1717 espiers
550 1656 610 1703 bono

87 1717 193 1767 Confidu
202 1720 296 1783 fragili?
313 1719 379 1767 Dum
389 1720 451 1780 licet,
463 1728 532 1767 utere.

87 1780 224 1847 Tempuste
235 1784 330 1832 tacitum
340 1785 450 1841 subruet3
467 1784 569 1846 horaque
705 1781 753 1836 775

87 1845 139 1894 Sem
191 1848 306 1909 praeteriti
316 1848 413 1896 deterior
422 1848 492 1897 subit.

87 1864 251 1968 Qffloemu
260 1913 319 1975 petis
325 1911 344 1958 ἲΧ
352 1912 423 1959 tutior
432 1912 490 1960 oviis

88 1973 142 2023 Non
153 1985 188 2024 est
197 1976 272 2024 forme
279 1976 342 2024 loeis.
367 1976 405 2023 Te
415 1989 508 2024 nemore
517 1973 603 2033 abdito,

88 2037 150 2087 Cum
161 2040 233 2088 Titan
242 2040 347 2088 medium
356 2039 475 2088 constituit
484 2038 555 2098 diem,

88 2102 173 2167 (linget
184 2105 250 2151 turbe
260 2104 339 2164 lioens,
350 2104 438 2152 Naides
446 2104 566 2168 improbe,
708 2102 756 2157 780

89 2164 210 2216 Formoeos
220 2169 292 2216 soline
302 2168 407 2216 clsudm
416 2168 533 2225 fontibus3

89 2228 122 2279 Et
130 2233 219 2280 somnis
229 2232 313 2281 faciem
322 2233 415 2281 insidm
425 2233 471 2280 uiis

89 2293 191 2344 lasoivae
201 2310 322 2344 nemorum
330 2297 397 2358 Dete,

89 2357 220 2424 Montivagi
237 2375 266 2408 ue
277 2361 366 2410 Penes:

89 2422 149 2483 Aut,
160 2377 436 2488 wsteluterouespiciens
445 2426 508 2488 polo,
710 2423 757 2478 785

90 2486 166 2548 Sidus,
176 2497 229 2552 post
237 2499 322 2538 veteres
332 2489 434 2538 Arcadas
444 2489 541 2549 editum,

92 2550 178 2601 Currus
187 2569 235 2601 non
244 2554 328 2618 poterit
338 2554 427 2602 flectere
437 2553 552 2603 ouudidos.

89 2613 120 2662 Et
131 2633 206 2683 nuper
216 2619 296 2669 rubuit
303 2636 318 2678 ς.
328 2618 439 2684 nutuque
449 2617 531 2667 lucidis
