1792 2859
259 42 498 128 uuouuue‘nr.
515 78 572 126 4132
696 61 751 127 '³27

77 202 106 251 Si
117 199 196 251 flenda
205 204 315 269 patimur.
348 206 421 254 Ilium
432 204 497 255 vobio
507 206 585 266 modo,
695 202 748 249 ’413

77 267 146 314 Mihi
157 269 238 317 ceddit
248 270 313 329 olim,
324 285 377 317 cum
388 269 450 318 ferus
461 285 529 316 curru
539 269 609 316 incito
738 315 740 318 ,

77 331 138 378 Meo
148 335 253 390 membra
263 342 359 397 raperet,
371 342 394 382 et
402 333 467 397 gravi
476 342 577 396 gemeret
587 346 644 380 sono
702 330 751 377 415

76 396 187 445 Peliacus
197 397 248 445 axio
258 398 357 461 pondere
367 399 481 446 Hectoreo
491 406 597 445 tremens.

76 459 150 507 Tunc
160 463 242 509 obruto
252 472 322 525 atque
331 477 416 523 eversu,
428 461 590 526 quodcumque
600 459 689 519 uotidit,

78 522 188 585 Torpent
198 526 266 573 malis
276 528 404 589 rigensque,
417 527 466 573 sine
476 540 544 572 sensu
554 524 611 573 fero.

76 587 146 645 Jnm,
158 597 236 652 erepte
242 589 339 650 Danais,
349 592 471 652 conjugem
482 605 586 652 sequerer
596 603 685 650 meum,

77 651 134 698 Nisi
144 652 182 700 hie
192 663 285 701 teneret.
308 654 366 717 *Hic
375 670 438 702 meos
449 653 538 701 animos
548 653 636 713 domet,
701 653 749 699 420

76 714 189 780 Morique
194 718 307 780 prohibet.
340 718 409 781 Cogit
418 718 457 765 hic
467 717 555 780 aliquid
563 717 625 765 Deos

75 778 168 827 Adhuc
177 796 270 844 rogare:
287 790 379 845 tempus
389 796 498 829 aerumnae
508 780 604 829 eddidit.

76 841 127 891 Hie
138 844 196 892 mihi
206 846 321 893 melorum
331 846 462 893 maximum
473 845 574 892 fructum
585 845 688 906 obstulit,

75 907 146 954 Nihil
156 909 244 957 timere.
277 910 393 973 Prosper-is
404 912 471 957 rebus
481 909 545 956 loeus
749 925 751 930 ’

75 971 180 1034 Ereptuu
187 974 277 1021 omnio:
295 974 353 1035 dire,
364 973 412 1037 qui
421 973 523 1031 veniant,
534 973 626 1022 hubent.
698 974 746 1020 425

75 1035 238 1085 Miserrimum
249 1047 283 1086 eet
293 1038 381 1097 timere,
393 1053 447 1085 oum
457 1053 533 1100 speres
543 1037 610 1085 nihil.

74 1101 132 1148 Seu.
148 1101 209 1160 Quis
220 1112 242 1149 te
251 1117 332 1167 repens
342 1101 467 1151 commouit
476 1101 585 1149 afflictum
594 1103 689 1149 metus?

75 1165 156 1214 Andr.
172 1166 284 1214 Exoritur
294 1166 389 1241 aliquod
399 1166 475 1226 majus
486 1182 499 1213 e
508 1180 593 1229 magno
603 1165 702 1213 melum.

76 1229 192 1277 Nondum
202 1230 288 1278 ruentis
299 1232 339 1278 Ilir
348 1231 423 1279 fetum
435 1230 505 1277 stetit.

74 1294 132 1340 Seu.
149 1294 183 1341 Et
192 1310 251 1357 quus
260 1296 364 1358 reperiet,
376 1303 403 1341 ut
413 1293 476 1351 velit,
487 1294 562 1342 clades
572 1293 657 1342 Deus?
696 1295 744 1342 430

74 1358 156 1404 Andr.
172 1358 249 1421 Stygis
259 1357 380 1424 profundae
389 1358 496 1417 claustra,
506 1367 529 1406 et
538 1358 630 1406 obscuri
639 1372 720 1422 mous

75 1421 210 1480 Laxuntu13
230 1432 261 1482 et,
273 1422 371 1471 redusit
381 1422 463 1471 eversis
472 1432 557 1483 metus,

74 1485 161 1533 Hostes
172 1488 201 1534 ob
211 1487 259 1535 imo
269 1487 354 1535 conditi
364 1487 421 1535 Dite
431 1496 523 1535 exeunt.

75 1550 166 1598 Solisne
176 1559 235 1599 retro
245 1552 350 1616 pervium
362 1560 396 1599 est
407 1551 495 1606 Danais
505 1552 566 1600 iter?

74 1613 142 1662 Certe
153 1629 219 1677 aequu
229 1631 290 1664 mors
301 1625 344 1664 est.
377 1616 469 1663 Turbae
478 1626 547 1679 atquo
557 1617 630 1679 agitet
639 1615 744 1679 Phrygas

73 1678 212 1726 Communis
222 1680 265 1727 iste
275 1688 360 1727 terrore
376 1679 415 1726 hie
424 1680 515 1742 proprie
525 1694 605 1727 meum
694 1681 743 1727 430

71 1742 181 1791 Exterret
191 1742 296 1791 animum
307 1744 378 1791 noetio
387 1743 507 1789 horrendae
517 1757 590 1805 sopor.

73 1809 131 1855 Seu.
145 1806 207 1865 Quae
217 1807 265 1855 visa
275 1815 373 1870 portent,
385 1806 440 1854 effer
450 1807 475 1853 iu
486 1806 598 1866 medium,
608 1815 693 1856 metuo.

7 1883 8 1888 ’
72 1872 153 1918 Andr.
169 1869 248 1919 Partes
258 1872 305 1919 fere
315 1886 362 1919 nox
372 1871 434 1919 ulmo
442 1870 561 1918 uenderet
570 1870 636 1929 duas,

74 1935 217 1997 Glommque
227 1937 320 1999 Septem
331 1942 444 1984 verterunt
454 1936 526 1983 stello
533 1936 633 1999 jugumz
691 1938 740 1987 440

75 1998 160 2061 Ignota
169 1998 263 2046 taudem
273 2000 336 2049 venit
346 1999 436 2047 efflicte
445 2000 519 2062 quies,

74 2062 203 2128 Brevisque
212 2062 276 2112 fessis
287 2078 382 2112 somnus
391 2065 492 2126 obrepsit
501 2065 574 2126 genis,

71 2126 110 2187 (si
121 2141 215 2173 somnus
225 2127 265 2175 ille
275 2136 308 2176 est
318 2128 401 2175 mentis
411 2127 513 2175 ettonitae
523 2127 615 2192 otupor)

73 2191 136 2238 Cum
147 2190 223 2237 subito
232 2199 320 2240 nostroe
329 2191 417 2239 Hector
426 2200 480 2239 ente
487 2193 564 2240 oeulos
574 2193 650 2242 stetitt

71 2254 130 2301 Non
140 2254 223 2316 qualis,
234 2255 295 2303 ultro
305 2255 366 2304 bella
375 2256 400 2302 in
410 2256 511 2317 Argivos
521 2257 604 2316 ferens,
691 2260 740 2307 tto

73 2317 156 2365 Graius
166 2320 257 2380 petebat
266 2320 354 2369 facibus
365 2319 434 2367 Idaeis
445 2328 520 2379 ratee3

72 2382 125 2430 Noc
136 2381 197 2429 tede
205 2383 282 2432 multi
292 2383 366 2448 qualis
376 2383 402 2430 iu
413 2383 507 2434 Danaos
518 2385 603 2446 furens,

72 2445 137 2493 Vero
147 2461 176 2493 ex
186 2446 280 2496 Achille
290 2448 363 2512 spolia
373 2447 480 2495 eimrssuto
491 2448 552 2495 tulit.

73 2509 130 2557 Non
140 2508 179 2558 ille
189 2511 268 2559 vultus
278 2512 411 2560 flammeum
421 2511 542 2560 intendens
548 2514 627 2574 iubar,

73 2571 358 2638 Sedfeesueuedejeetut,
369 2574 457 2624 etfletu
465 2576 549 2638 gravis,
694 2582 742 2629 460
