1792 2859
148 94 189 143 611
238 90 423 144 HERGUIAES
438 90 586 142 FURENS.
602 91 635 140 V.
653 91 726 140 1103.

149 221 230 273 oblito
239 221 324 270 nostri:
342 222 574 271 vindicaaerimann
758 220 823 269 lem

149 288 237 336 Saltem
247 294 357 350 nepotcae
374 287 474 349 stelliger
483 286 586 334 mundus
596 293 677 334 sonete

149 350 555 413 Flammaaethicetillejaculemr
564 351 646 413 polus:
761 350 822 398 120⁶

150 417 232 478 Rupes
241 416 340 478 ligatum
352 416 442 478 Caspiae
450 431 532 478 corpus
542 414 643 474 trabant,

148 481 230 543 Atque
240 481 287 527 ales
297 479 372 527 arida.
397 481 446 529 Cur
457 479 588 527 Promethei
599 486 681 526 vacant
722 504 726 514 ·

151 544 265 607 Scopuli?
281 553 382 607 paretur,
394 544 476 591 vertice
486 544 599 591 immenso
608 544 668 591 feras

150 609 308 672 volucresque
318 623 420 671 pascens,
431 608 529 656 Caucasi
539 610 664 670 abruptum
674 608 747 668 latus,

149 673 296 737 Nudumque
306 672 376 720 silvia.
401 672 457 732 Illa,
468 688 521 736 quae
531 672 634 720 Pontum
643 673 748 735 Scythas
760 672 823 721 laio

151 738 288 801 Symplegas
295 745 375 795 arctat,
383 737 438 784 binc
448 746 471 785 et
481 737 536 784 binc
546 737 632 788 unctas
641 751 727 785 manus

152 801 277 850 Distendat
286 802 349 849 altor
367 815 468 865 cumque
477 802 582 849 morast
592 801 642 849 vice
743 810 745 812 ’

151 867 184 914 In
194 882 218 914 ae
228 866 322 914 coibunt
332 880 396 924 saxa,
407 881 461 928 quae
467 866 493 912 in
503 866 587 913 coelum
596 864 733 929 exprimunt

151 930 220 980 Actia
230 930 347 993 utrimque
356 931 454 995 rupibus
463 929 568 978 medium
577 945 649 989 mare,

151 994 318 1058 Egoinquieta
327 994 442 1042 montium
451 996 540 1056 jaceam
551 1010 623 1043 mora.
759 996 822 1044 1215

153 1060 218 1118 Quin
229 1067 342 1107 structum
353 1073 460 1107 acervans
469 1074 563 1107 nemore
572 1068 679 1122 congerro
688 1075 809 1123 aggerem,

152 1124 239 1172 cruore
248 1139 331 1188 corpus
341 1124 414 1187 impio
424 1138 530 1185 sparsum
540 1127 634 1172 eremo?

150 1188 199 1247 sic,
211 1190 243 1237 sic
252 1189 369 1252 agendum
380 1188 428 1236 est!
445 1187 525 1235 inferis
534 1188 629 1236 reddam
639 1189 778 1237 Hermlem.

152 1254 242 1315 Amph.
257 1252 371 1300 Nondum
379 1252 483 1300 tumultu
494 1261 574 1314 peetus
584 1253 681 1301 attonito
690 1262 760 1301 caret.

153 1317 257 1365 Mutavit
267 1317 326 1366 irase
341 1317 451 1382 quodque
459 1317 530 1365 habet
539 1317 659 1381 proprium
669 1317 742 1380 furor,
762 1318 827 1366 1220

153 1381 185 1429 In
196 1396 220 1429 ae
230 1381 279 1445 ipae
289 1382 360 1430 saevit.

182 1493 184 1496 .
348 1449 425 1496 Here.
440 1446 703 1507 DiraFuriarumlocs,

153 1512 188 1559 Et
197 1510 322 1559 inferorum
332 1527 415 1572 carcer,
427 1520 451 1560 et
460 1512 521 1559 sonti
530 1513 600 1576 plaga

154 1574 254 1623 Decreta
264 1578 346 1635 turbu,
357 1585 380 1624 et
390 1579 409 1625 si
419 1575 483 1639 quod
493 1578 601 1625 exsilium
610 1578 667 1625 latet

154 1640 259 1688 Ulterius
270 1641 355 1700 Erebo,
366 1640 466 1690 Cerbero
474 1640 580 1702 ignotum
590 1651 613 1689 et
623 1641 691 1697 mihi,

154 1705 212 1753 Huc
222 1720 260 1752 me
269 1706 336 1765 abde,
348 1707 430 1754 tellus:
450 1705 542 1752 Tartari
551 1706 583 1753 ad
592 1708 662 1754 finem
673 1704 788 1753 ultimum

150 1770 281 1820 Mansurua
290 1770 337 1818 ibo.
361 1771 446 1818 Pectus
456 1784 471 1816 o
481 1768 580 1816 nimium
590 1771 682 1818 fenim!
763 1769 830 1819 1226

154 1834 216 1893 Quis
226 1849 265 1882 voa
275 1849 427 1897 peromnem,
438 1833 513 1888 liberi,
524 1849 613 1897 speram
623 1834 721 1882 domum

153 1898 247 1948 Deflete
256 1898 326 1962 digne
336 1898 434 1963 poterit?
449 1897 495 1952 bic,
507 1897 579 1946 durus
589 1899 666 1958 malis,

155 1963 296 2028 Lacrymare
306 1964 385 2013 vultus
395 1963 473 2011 nescit
499 1963 555 2011 Huc
565 1978 643 2011 ensem
653 1963 722 2020 date3

154 2028 218 2078 Date
227 2029 274 2076 huc
284 2030 392 2092 sagittam
408 2028 509 2091 stipitem
520 2026 567 2075 huc
576 2038 667 2075 vastum
677 2026 739 2075 date.
759 2028 832 2077 lano

157 2092 213 2140 Tibi
224 2093 270 2141 tela
277 2094 383 2157 frangam
394 2100 471 2139 nostra
478 2110 486 2150 ;
503 2091 545 2139 tibi
555 2101 652 2151 nosnos,
662 2107 730 2156 puer,

155 2157 304 2221 Rumpemua
315 2172 394 2215 arcum
411 2172 438 2205 ac
445 2156 492 2204 tuis
502 2159 571 2231 stipes
581 2156 657 2218 gravia

155 2221 257 2270 Ardebit
266 2223 368 2269 umbriae
385 2221 437 2284 ipsa
447 2220 549 2269 Iernsers
558 2220 666 2284 frequens

156 2284 268 2335 Pheretra
278 2286 329 2335 telis
335 2286 364 2342 ¹in
374 2294 426 2334 tuos
436 2285 480 2333 ibit
489 2300 564 2348 rogos

156 2349 222 2398 Dent
232 2366 296 2398 arma
306 2364 397 2413 poenaaz
417 2364 561 2461 remoque
570 2348 681 2398 infaustas
690 2349 750 2397 meis
765 2349 831 2398 laco

157 2412 274 2462 cremabo
283 2415 342 2474 telis,
353 2429 367 2461 o
377 2427 446 2461 novet
516 2414 615 2462 manual

161 2480 228 2525 Thes.
244 2477 306 2537 Quis
315 2492 398 2525 nomen
409 2491 515 2541 unquam
526 2478 615 2525 sceleris
624 2478 697 2526 errori
704 2477 818 2530 addidit?

157 2544 233 2590 Herc.
248 2543 314 2605 Soepe
321 2556 382 2590 error
390 2541 471 2604 ingena
478 2541 567 2592 sceleris
574 2542 770 2593 obtinuitlocum.
