1792 2859
153 132 200 180 lta
307 129 537 180 mrroavr'os.
553 127 590 176 11.
607 126 664 183 789.

153 258 235 307 Nubes
245 257 356 307 sordidior
365 258 468 307 vultibus
477 256 572 306 obstitit.

152 323 188 370 At
198 337 247 383 nos,
259 322 349 371 solliciti
358 323 447 370 lumine
457 321 557 379 turbido,

154 386 263 434 Tractam
275 386 412 435 Thessalicis
421 385 560 433 carminibus
570 382 622 444 rati,

154 449 264 498 Tinuitus
273 450 386 498 dedimus.
410 450 451 497 Tu
461 449 537 497 fumas
547 450 619 502 labor,

153 512 187 562 Et
197 522 223 561 tu
233 529 302 563 causa
310 529 388 562 morae,
412 514 450 561 'l'e
459 513 511 561 Dea
520 513 624 559 noctium

152 577 220 626 Dum
230 586 324 642 spectat,
335 578 418 626 celeres
428 576 537 627 mstinuit
547 576 603 624 rias·

152 641 246 690 Vexent
256 643 316 690 hanc
325 641 406 690 faciem
414 641 499 704 frigora
508 640 598 704 parcius
605 654 613 695 ς

153 706 213 753 Haec
221 706 292 754 solem
301 706 369 754 facies
378 705 452 752 radus
461 713 567 768 appetat3

151 764 252 817 Lucebit
261 770 330 817 Pario
339 784 454 817 memore
462 768 552 817 clarius.

154 832 233 892 Quam
243 843 308 897 mata
317 842 351 881 est
361 834 429 881 facies
438 841 504 882 torva
513 832 616 890 rtatim,

153 897 187 944 Et
197 898 287 959 pondus
297 897 377 945 veteris
386 897 451 944 triste
461 896 582 960 supercilii

154 959 242 1009 Phoebo
252 961 310 1009 colla
319 961 372 1009 linet
382 960 502 1024 splendida
511 974 643 1025 compares:

153 1023 228 1072 Illum
238 1025 347 1085 macies,
358 1025 435 1072 nescia
445 1024 530 1088 coligi,

154 1087 298 1136 Perfundens
308 1089 421 1145 humeros.
432 1097 499 1137 ornat
509 1096 532 1136 et
541 1088 638 1151 integitr

153 1150 191 1199 Te
201 1152 263 1200 frons
272 1152 333 1200 hirta
342 1153 414 1208 decet,
425 1161 448 1199 te
458 1152 547 1201 brevior
557 1167 623 1199 nomn

153 1216 229 1263 Nulli
238 1216 289 1279 lege
296 1219 380 1278 jacens.
403 1215 455 1280 [Tu
466 1216 519 1264 linat
529 1231 620 1279 asperos

154 1279 320 1343 Pugnacesque
329 1280 392 1328 Deos
401 1280 489 1330 viribus
498 1295 574 1328 aroeas

153 1343 187 1390 Et
197 1344 255 1391 vasti
265 1345 338 1406 spatio
348 1344 438 1393 vincere
448 1343 566 1408 eorpnda]

152 1407 243 1469 AEquas
254 1408 379 1456 Herculeos
388 1409 437 1470 jam
445 1408 537 1469 juvenis
546 1416 616 1468 toros,

153 1470 239 1518 Martis
248 1472 351 1534 belligeri
360 1482 450 1535 pectore
459 1472 534 1520 latior.
595 1512 600 1515 .

152 1534 179 1582 Si
186 1534 253 1583 dorso
262 1536 332 1583 libeat
342 1535 469 1600 cornipedis
479 1536 541 1597 vehi,

153 1597 242 1659 Frenis,
253 1600 362 1648 Castorei
371 1600 480 1648 mobilior
489 1615 570 1660 manu,

152 1663 293 1725 Spartanum
303 1664 387 1726 poteris
396 1664 484 1712 flectere
495 1664 612 1727 Cyllaron.

151 1726 282 1775 Amentum
292 1727 369 1791 digitis
379 1728 447 1776 tende
457 1727 579 1791 prioribus,

152 1789 187 1838 Et
196 1791 250 1839 totis
258 1793 362 1854 Jaculum
374 1792 446 1855 dirige
458 1792 559 1850 viribus3

150 1854 213 1902 Tam
224 1856 300 1919 louge,
310 1856 394 1905 dociles
403 1857 493 1919 spicula
502 1856 580 1920 figere,

152 1918 207 1966 Non
217 1921 309 1968 mittent
318 1921 426 1982 gracilem
438 1921 516 1969 Cretes
525 1919 670 1969 arundinem.
770 1917 814 1966 sto

153 1981 206 2030 Aut
216 1984 236 2031 si
246 1984 292 2031 telo
300 1985 370 2033 modo
380 2000 485 2047 spargere
496 1984 604 2032 Parthico

153 2046 185 2093 In
195 2049 279 2096 eoelum
289 2048 386 2111 placent,
397 2048 463 2096 nulla
472 2047 522 2096 sine
532 2049 587 2096 alite

152 2108 306 2171 Descendens,
315 2112 393 2175 tepido
404 2113 488 2160 uasere
498 2112 604 2160 condita:

153 2174 259 2222 Praedam
270 2175 299 2223 de
309 2176 390 2224 mediis
399 2177 500 2225 nubibus
510 2176 596 2224 afferes

152 2237 368 2287 Rariaformariris
379 2241 474 2301 (saecnla
483 2240 597 2303 prospice)
771 2236 814 2285 820

152 2302 273 2364 impunita
282 2303 342 2351 fnit:
359 2312 383 2352 te
390 2305 472 2352 melior
482 2304 548 2352 Deus

152 2365 244 2412 Tutum
254 2375 380 2429 paterent,
390 2366 511 2430 formaque
520 2367 604 2415 nobilis

152 2427 269 2476 Deformis
279 2429 337 2475 senii
347 2427 441 2488 [limina
451 2430 569 2491 nauseat]
598 2464 601 2473 .

184 2490 249 2547 Quid
259 2492 319 2538 sinat
328 2491 436 2538 inausum
446 2493 539 2541 seminar
548 2510 649 2559 praeeeps
658 2495 742 2546 furor?

152 2553 261 2599 Nefanda
268 2554 634 2620 juvenioriminainsontiparaa
774 2559 816 2608 825

149 2615 190 2662 En
200 2615 297 2664 scelera!
315 2619 397 2680 querit
406 2620 471 2667 crine
477 2621 577 2671 lacerato
586 2622 672 2673 fldem:

43 2746 123 2774 Q

131 2796 150 2830 l
