1792 2859
157 75 190 127 '⁴12
256 76 437 158 Huspuuss
455 76 599 127 FURENS.
616 75 654 125 11.
673 76 731 124 356.

158 204 255 265 velata,
264 208 333 269 juxta
342 207 450 270 presides
459 206 624 263 adstatDeusz
788 206 840 255 3⁵6

163 271 288 335 laterique
297 271 398 319 adheret
407 285 476 319 verus
485 271 577 319 Alcida
586 278 655 318 sator.

164 337 234 397 Meg.
249 335 370 394 Quidnam
380 336 430 394 iste,
442 336 514 383 nostri
523 335 654 398 generis
623 333 723 381 citium
733 349 761 382 ae
771 335 834 395 luas,

164 398 228 447 Novi
237 402 321 463 parat?
338 399 394 464 quid
402 399 495 448 tentat?

470 466 530 525 dyc.
543 464 568 513 0
578 464 667 510 clarum
677 462 774 511 uoluens

163 527 602 603 Astirpenoruenregillt'acilismea
788 527 841 575 36⁰

164 592 293 655 Parumper
303 608 359 641 aure
368 595 438 641 rerba
447 593 543 655 patienti
553 592 639 655 excipe.

164 656 190 705 Si
200 667 284 705 eterna
294 672 384 721 semper
393 656 447 705 odia
455 657 562 705 mortales
572 664 650 733 agant,

164 721 216 769 Nec
226 730 312 785 uoeptus
322 735 427 784 unquam
437 722 504 769 cedat
514 736 543 768 ex
553 721 637 768 animis
646 719 721 781 furor,

164 786 210 834 Sed
220 801 286 833 arma
294 785 351 834 felix
361 793 446 844 teneat,
457 785 539 833 infelix
548 792 627 848 μιαί,

164 849 232 897 Nihil
242 850 373 914 relinquent
383 850 458 897 bellat
472 858 525 896 tum
535 849 605 898 rastis
615 863 670 913 ager
788 850 839 896 365

164 913 284 977 Squalebit
294 915 368 962 arvis.
386 913 479 961 subditi
489 913 554 962 tectis
563 913 620 971 face,

72 1018 85 1041 υ
164 978 236 1026 Altus
245 980 346 1042 sepultas
356 980 438 1026 obruet
440 986 527 1054 gentes
536 978 602 1025 ultis.

163 1042 248 1090 Pacem
258 1042 335 1090 reduci
346 1043 413 1104 velle,
425 1042 505 1091 victori
514 1042 622 1105 expedit3

164 1106 234 1155 Victo
244 1122 334 1156 necesse
343 1115 386 1157 est.
410 1106 528 1169 Partiueps·
537 1120 670 1169 regnorem
617 1106 685 1155 reni·

164 1171 282 1220 Sosianus
292 1173 396 1221 animos:
411 1172 497 1236 pignus
507 1171 551 1220 hoc
559 1170 615 1219 fidei
624 1186 695 1235 eape-
787 1172 838 1227 ³7⁰

165 1236 279 1300 Guntinge
288 1236 401 1285 dextram.
408 1235 513 1312 -Quid
523 1236 581 1284 truci
591 1236 658 1284 vultu
668 1236 743 1284 siles?

163 1300 233 1363 Meg.
244 1300 327 1363 Egone
332 1309 359 1348 ut
365 1301 467 1364 parentis
472 1300 836 1375 sauguineadspersammanum,

163 1364 317 1428 Fratrumque
327 1365 421 1428 gemini
430 1365 500 1423 crede,
511 1363 660 1428 mutingun?
677 1364 749 1413 Prius

162 1427 278 1491 Exstingu
279 1437 302 1477 et
310 1428 391 1485 Ortus,
401 1430 484 1478 referet
493 1429 605 1489 Ossaeus,
616 1429 693 1477 diem·

163 1492 216 1540 Pax
225 1493 581 1543 anteiidanivffiusetflammis
590 1494 648 1550 erit,
785 1494 836 1550 375

162 1557 196 1605 Et
205 1556 282 1620 Scylla
292 1558 416 1610 Siculum
405 1567 490 1621 junget
500 1558 606 1606 Ausonio
615 1558 692 1616 latru3

160 1620 276 1686 Priusque
284 1622 368 1683 multo,
380 1622 467 1671 vicibus
475 1622 568 1671 alternis
577 1622 659 1686 fugax,

161 1685 266 1750 Euripus
276 1687 340 1734 undi
348 1687 418 1736 stabit
426 1686 564 1736 Euboica
541 1702 613 1751 puger

161 1750 257 1799 Patrem
267 1752 391 1811 abstulisti,
401 1766 480 1814 regna,
491 1766 621 1813 germanus,
631 1751 713 1808 larent,

89 1845 92 1850 ·
162 1815 281 1864 Patriam,
298 1816 491 1880 quidultrasst?
509 1816 793 1880 unaressuperestmihi,

161 1880 382 1957 Franeaepareute
391 1880 655 1943 cadonregnoaelare
782 1882 827 1929 381

162 1945 250 1993 Odium
261 1954 310 2005 tur,
342 1945 387 1993 uod
398 1960 447 1994 esse
457 1960 511 1993 eum
521 1945 609 2008 populo
618 1945 677 1992 mihi

159 2011 292 2059 Commune
302 1962 381 2058 doieur
398 2025 453 2074 pars
463 2016 535 2073 quota
544 2024 574 2056 ex
583 2009 629 2057 ista
638 2023 692 2057 mea
700 2013 755 2058 est?

160 2074 287 2124 Dominare
297 2074 414 2130 tumidus·
431 2074 526 2138 spiritus
535 2073 594 2121 altos
603 2088 671 2137 gere,

159 2139 269 2202 Sequitur
279 2140 388 2213 superbos
399 2138 461 2186 ultor
470 2154 485 2186 a
494 2138 642 2201 terguDeus.
778 2139 829 2187 385

160 2203 272 2251 Thebana
282 2202 398 2266 noriregn
399 2219 420 2251 a.
443 2202 693 2261 Quidmalresuur
610 2203 693 2267 loquar

158 2267 467 2315 Passasetausassaelera?
483 2267 755 2376 quidgenainumneias,

158 2333 312 2395 Mirtumque
321 2345 405 2379 numen
416 2331 529 2394 uonjugis,
542 2331 599 2388 nati,
609 2331 699 2407 patris?

157 2395 223 2455 Quid
233 2396 289 2443 bina
298 2395 395 2442 flauum
406 2398 498 2442 eastra?
509 2394 670 2458 quidtotrdem
679 2396 766 2460 rogus?

157 2460 228 2522 Riget
239 2460 337 2521 superba
349 2458 461 2506 Tantalis
465 2411 531 2507 luctu
541 2474 631 2521 pareus,
777 2463 826 2515 390

156 2523 302 2585 llloestusque
312 2522 415 2585 Phrygio
425 2532 506 2569 manat
515 2524 540 2570 in
551 2523 633 2585 Sipylo
642 2524 710 2587 lapis·

149 2586 238 2645 Quin
230 2600 287 2652 rpse,
299 2594 390 2636 torvum
401 2587 521 2649 subrigens
530 2586 599 2635 eristi
609 2600 688 2651 eaput,
