1792 2859
148 59 181 107 ot
242 58 434 112 ,attactibus
451 58 596 109 FURBNS.
610 57 643 107 V·
661 57 744 113 113&

404 300 517 350 Actus
534 300 569 349 V.

196 429 364 479 Huucuurs.
388 429 604 479 Aurmrurou.
628 426 782 478 Tursrus.

150 577 226 624 Here.
233 576 337 635 Quishic
344 576 426 625 loeus?
436 592 489 639 qus
496 575 577 639 regio?
585 591 638 640 quoe
645 574 829 640 mundiplsgs?

150 641 200 689 Ubi
211 644 282 689 sum?
299 643 342 689 sub
353 640 484 697 ortusolis,
495 657 526 689 sn
537 643 580 688 sub
591 640 683 689 sardine

152 705 261 753 Glacialis
272 706 359 754 Ursaei
376 705 501 768 Numquid
512 704 620 768 Hesperii
630 704 700 752 maris
761 704 827 752 114⁰

150 768 265 817 Extrema
274 770 342 818 tellus
353 770 416 818 hune
426 769 467 816 dat
474 769 569 818 Oceano
578 768 693 817 modum?

150 833 217 892 Quss
228 834 340 882 trahimus
351 837 436 882 sures?
453 833 517 897 quod
526 834 602 881 solum
610 833 669 881 fesso
679 830 779 882 urbest?

152 898 221 945 Certe
230 898 340 946 redimus.
365 898 443 958 Unde,
455 898 568 961 prostrati
578 897 656 956 domo,

152 961 229 1010 Video
239 971 332 1011 cruenta
342 966 456 1027 corporo?
472 977 503 1011 sn
514 962 619 1010 nondum
629 959 694 1009 exuit

153 1026 281 1075 Simulsors
291 1043 356 1075 mens
366 1028 475 1075 inferna?
492 1027 549 1075 Post
555 1026 642 1073 reditus
649 1039 753 1089 quoque,
763 1024 826 1073 1115

153 1091 254 1139 Oberrst
263 1092 341 1140 oculos
352 1093 419 1140 turbs
427 1091 504 1140 feralis
513 1106 584 1138 meos.

154 1155 231 1204 Pudet
240 1156 320 1205 fateri:
338 1173 424 1221 paveo:
442 1154 592 1219 nescio-quod
600 1154 667 1213 mihi,

153 1219 311 1283 Nescioquod
322 1221 414 1279 suimus
424 1220 511 1283 grande
521 1219 629 1284 presagit
638 1219 736 1267 mulum.

155 1283 206 1333 Ubi
216 1293 251 1332 est
260 1286 356 1349 psrens?
375 1285 416 1333 ubi
426 1285 468 1332 ills
477 1294 585 1333 naturum
595 1299 664 1346 grege

153 1349 268 1396 Animosa
278 1350 381 1411 conjux?
397 1365 438 1398 our
448 1349 510 1396 latus
519 1350 605 1396 loevum
616 1356 682 1396 vsost
763 1346 828 1395 1150

152 1412 232 1475 Spolio
242 1413 332 1462 leonis?
347 1429 450 1478 quonsm
461 1415 510 1461 abit
520 1413 622 1475 tegimen
632 1427 721 1471 meum,

153 1476 268 1540 Idemque
278 1494 359 1527 somno
369 1478 446 1526 mollis
457 1478 572 1527 Herurleo
583 1477 663 1524 torus?

154 1540 204 1588 Ubi
214 1542 281 1591 tela?
297 1543 338 1591 ubi
348 1543 431 1591 arcus?
448 1558 514 1590 srms
523 1542 576 1605 quis
586 1541 638 1589 vivo
648 1540 708 1588 mihi

154 1603 282 1655 Detrahere
292 1607 385 1671 potuit?
402 1607 476 1671 spolie
486 1606 538 1681 quis
549 1614 612 1654 tants
622 1605 737 1653 abstulit?

153 1668 283 1734 Ipsumque
291 1672 343 1735 quis
351 1686 398 1718 non
407 1671 516 1719 Herculis
522 1685 631 1719 somnum
637 1668 746 1718 horruit?
763 1668 827 1718 1155

86 1780 89 1790 ,
155 1733 226 1782 Libet
236 1751 315 1783 meum
327 1736 403 1784 videre
413 1736 530 1788 victorem,
540 1735 605 1783 libet.

33 1792 49 1854 ’ᾗ
60 1791 96 1852 *³4*
102 1793 141 1854 ἰ”ἲ
154 1797 270 1863 Exsurge,
277 1800 363 1856 vietor,
373 1816 444 1863 quem
455 1814 543 1847 novum
552 1799 609 1846 eoelo
616 1807 682 1862 peter

156 1862 243 1911 Genuit
253 1865 346 1913 relicto:
364 1866 431 1926 cujus
440 1865 466 1911 in
476 1864 524 1912 fetu
535 1863 597 1911 stetit

131 1951 136 1960 ·
155 1927 214 1975 Nox
223 1929 322 1993 longior,
333 1945 405 1994 quam
416 1938 501 1977 nostra.
525 1927 596 1986 Quod
607 1942 675 1976 uerno
684 1927 770 1976 nefas?

154 1992 214 2041 Nsti
224 1994 319 2042 cruenti
329 1993 390 2044 caede
401 1993 497 2042 confecti
505 1992 597 2054 jacent!
765 1991 831 2039 1160

156 2054 263 2105 Peremts
275 2060 377 2121 conjux!
395 2058 447 2121 quis
458 2057 537 2120 Lycus
547 2071 646 2119 regnum
656 2055 765 2105 obtinet?

155 2120 217 2179 Quis
227 2131 291 2171 tants
302 2123 390 2171 Thebis
398 2123 482 2170 scelers
492 2121 568 2169 moliri
578 2136 649 2168 ausus
659 2129 703 2180 est,

155 2185 256 2234 Hercule
266 2190 373 2235 reverso?
390 2185 503 2250 Quisquis
511 2183 600 2233 Ismeni
607 2186 668 2246 locs,

154 2250 238 2298 Actes
248 2251 352 2316 quisquis
361 2266 424 2309 srvs,
453 2250 478 2297 ui
488 2249 580 2312 gemino
590 2250 651 2297 mari

155 2313 254 2363 Pulsate
262 2313 355 2377 Pelopis
364 2329 435 2377 regns
470 2313 557 2361 udanii
568 2313 633 2370 eolis,
766 2314 826 2364 1155

156 2380 282 2427 succurre:
297 2394 363 2425 saevss
373 2378 444 2426 cledis
454 2386 570 2426 auctorem
580 2377 665 2425 indies.

156 2442 221 2490 Rust
230 2442 264 2488 iro
273 2441 298 2487 in
309 2454 389 2488 omnes
396 2433 487 2487 :hostis
495 2450 537 2498 est,
545 2440 651 2503 quisquis
658 2440 718 2488 mihi

157 2505 213 2552 Non
224 2512 336 2552 monstrat
344 2504 442 2551 hostem.
467 2503 548 2551 Victor
555 2503 656 2562 Alcide,
666 2505 746 2556 lates?

153 2567 271 2618 Procede:
288 2581 330 2616 seu
341 2576 368 2616 tu
379 2566 481 2618 vindicas
490 2582 570 2616 currus
580 2575 656 2617 husee
